%--------------------------------------------------------------------
% Regeln:
% - Autoren immer mit 'and' verbinden
% - Umlaute und sz mit {\"a}, {\"o}, {\"u}, {\ss}, {\"A}, ...
%--------------------------------------------------------------------

@manual{um,
  title        = "Unity Manual",
  organization = "Unity Technologies",
  year         = 2017,
	month 			 = nov,
  note         = "Stand am 07.12.2017: \url{https://docs.unity3d.com/Manual/3D-formats.html}"
}

