%--------------------------------------------------------------------
% Regeln:
% - Autoren immer mit 'and' verbinden
% - Umlaute und sz mit {\"a}, {\"o}, {\"u}, {\ss}, {\"A}, ...
%--------------------------------------------------------------------

@manual{qt_statemachine,
	key						= "Qt Documentation",
  title         = "The State Machine Framework",
  organization  = "The Qt Company Ltd.",
  year          = 2019,
  note          = "Stand am 09.05.2019: \url{https://doc.qt.io/qt-5/statemachine-api.html}"
}

@manual{corporate,
	key						= "Corporate Design",
  title         = "Corporate Design Manual",
  organization  = "Hochschule für angewandte Wissenschaften Hamburg",
  year          = 2017,
  note          = "Stand am 09.05.2019: \url{https://www.haw-hamburg.de/fileadmin/user_upload/Presse_und_Kommunikation/Downloads/Corporate_Design_Manual_HAW_Hamburg-2017-05-10.pdf}"
}

@manual{qt_socket,
	key						= "Qt Documentation",
  title         = "QUdpSocket Class",
  organization  = "The Qt Company Ltd.",
  year          = 2019,
  note          = "Stand am 09.05.2019: \url{https://doc.qt.io/qt-5/qudpsocket.html}"
}

@manual{qt_allgemein,
	key						= "Qt Documentation",
  title         = "About Qt",
  organization  = "The Qt Company Ltd.",
  year          = 2019,
  note          = "Stand am 09.05.2019: \url{https://wiki.qt.io/About_Qt}"
}
@manual{qt_signalslot,
	key						= "Qt Documentation",
  title         = "Signals \& Slots",
  organization  = "The Qt Company Ltd.",
  year          = 2019,
  note          = "Stand am 09.05.2019: \url{https://doc.qt.io/qt-5/signalsandslots.html}"
}


@manual{cast,
	key						= "Cast Description",
  title         = "Regular cast vs. static\_cast vs. dynamic\_cast",
  organization  = "Stack Exchange Inc",
  year          = 2017,
  note          = "Stand am 09.05.2019: \url{https://stackoverflow.com/questions/28002/regular-cast-vs-static-cast-vs-dynamic-cast.html}"
}

@manual{qt_listwidget,
	key						= "Qt Documentation",
  title         = "QListWidget Class",
  organization  = "The Qt Company Ltd.",
  year          = 2019,
  note          = "Stand am 09.05.2019: \url{https://doc.qt.io/qt-5/qlistwidget.html}"
}

@manual{qt_database,
	key						= "Qt Documentation",
  title         = "QSqlDatabase Class",
  organization  = "The Qt Company Ltd.",
  year          = 2019,
  note          = "Stand am 09.05.2019: \url{https://doc.qt.io/qt-5/qsqldatabase.html}"
}

@manual{BL_ident,
  title	= "Handbuch RFID-System BL ident Planen und Projektieren",
  organization = "Hans Turck GmbH \& Co. KG",
	year = "2019",
	key = "RFID-System BL ident Planen und Projektieren"
}

@book{Jarosch:2016,
  author =       "Helmut Jarosch",
  title =        "Grundkurs Datenbankentwurf Eine beispielorientierte Einführung für Studierende und Praktiker",
  publisher =    "Springer Vieweg",
  year =         "2016",
  isbn =         "978-3-8348-1682-5",
}

@book{Heuer:2001,
  author =       "Andreas Heuer and Gunter Saake and Kai-Uwe Sattler",
  title =        "Datenbanken kompakt",
  publisher =    "mitp-Verlag",
  year =         "2001",
  isbn =         "3-8266-0715-5",
}
